<?xml version="1.0" encoding="UTF-8"?><record xmlns="http://www.loc.gov/MARC21/slim" xmlns:cinclude="http://apache.org/cocoon/include/1.0" xmlns:zs="http://www.loc.gov/zing/srw/">
  <leader>00764cz  a2200181n  4500</leader>
  <controlfield tag="001">nr2006027727</controlfield>
  <controlfield tag="003">DLC</controlfield>
  <controlfield tag="005">20080812080911.0</controlfield>
  <controlfield tag="008">061017n| acannaabn          |b aaa      </controlfield>
  <datafield tag="010" ind1=" " ind2=" ">
    <subfield code="a">nr2006027727</subfield>
  </datafield>
  <datafield tag="035" ind1=" " ind2=" ">
    <subfield code="a">(OCoLC)oca07083432</subfield>
  </datafield>
  <datafield tag="040" ind1=" " ind2=" ">
    <subfield code="a">DLC-R</subfield>
    <subfield code="b">eng</subfield>
    <subfield code="c">DLC-R</subfield>
    <subfield code="d">OCoLC</subfield>
  </datafield>
  <datafield tag="100" ind1="1" ind2=" ">
    <subfield code="a">Takeuchi, Ichirō.,</subfield>
    <subfield code="d">1960-</subfield>
  </datafield>
  <datafield tag="400" ind1="1" ind2=" ">
    <subfield code="a">竹内一郎,</subfield>
    <subfield code="d">1960-</subfield>
  </datafield>
  <datafield tag="667" ind1=" " ind2=" ">
    <subfield code="a">Machine-derived non-Latin script reference project.</subfield>
  </datafield>
  <datafield tag="667" ind1=" " ind2=" ">
    <subfield code="a">Non-Latin script reference not evaluated.</subfield>
  </datafield>
  <datafield tag="670" ind1=" " ind2=" ">
    <subfield code="a">Biryō jinkō kagaku busshitsu no seibutsu monitaringu, 2004:</subfield>
    <subfield code="b">t.p. (Takeuchi Ichirō) p. 9 (with Ehime Daigaku)</subfield>
  </datafield>
  <datafield tag="670" ind1=" " ind2=" ">
    <subfield code="a">Kenkyūsha kenkyū kadai sōran, 1996:</subfield>
    <subfield code="b">v. 4, p. 1108 (Takeuchi Ichirō; b. 3/27/1960; D. Agr., Tōkyō Daigaku Daigakuin; mem., Crustacean Society)</subfield>
  </datafield>
</record>